@article{jenkins-docs,
    author	 = {Jenkins},
    title	 = {Jenkins User Documentation },
    year	 = {2023},
    url	 = {https://www.jenkins.io/doc/}
}

@misc{owasp-about,
    title = {{About the OWASP Foundation {$\vert$} OWASP Foundation}},
    year = {2023},
    month = jun,
    note = {[Online; accessed 23. Jun. 2023]},
    url = {https://owasp.org/about}
}

@misc{nvd,
    title = {{NVD}},
    year = {2023},
    month = jun,
    note = {[Online; accessed 23. Jun. 2023]},
    url = {https://nvd.nist.gov/#}
}

@misc{owasp-dependency-check-work,
    title = {{dependency-check {\textendash} How does dependency-check work?}},
    year = {2023},
    month = jun,
    note = {[Online; accessed 23. Jun. 2023]},
    url = {https://jeremylong.github.io/DependencyCheck/general/internals.html}
}